<record><leader>00000cas a2200000 a 4500</leader><controlfield tag="001">12257796</controlfield><controlfield tag="008">850712d18711897miuwr ne      0    0eng c</controlfield><datafield ind1=" " ind2=" " tag="010"><subfield code="a">sn 85026493 </subfield></datafield><datafield ind1=" " ind2=" " tag="040"><subfield code="a">NPX</subfield><subfield code="b">eng</subfield><subfield code="c">NPX</subfield><subfield code="d">NPY</subfield><subfield code="d">NVF</subfield><subfield code="d">MGN</subfield><subfield code="d">MHN</subfield><subfield code="d">OCL</subfield><subfield code="d">OCLCQ</subfield><subfield code="d">OCLCF</subfield><subfield code="d">OCLCO</subfield></datafield><datafield ind1=" " ind2=" " tag="042"><subfield code="a">pcc</subfield></datafield><datafield ind1=" " ind2=" " tag="043"><subfield code="a">n-us-mi</subfield></datafield><datafield ind1="0" ind2=" " tag="130"><subfield code="a">Jonesville weekly independent (Jonesville, Mich. : 1871)</subfield></datafield><datafield ind1="1" ind2="0" tag="245"><subfield code="a">Jonesville weekly independent.</subfield></datafield><datafield ind1="1" ind2="3" tag="246"><subfield code="a">Jonesville independent</subfield></datafield><datafield ind1=" " ind2=" " tag="260"><subfield code="a">Jonesville, Mich. :</subfield><subfield code="b">James I. Dennis</subfield></datafield><datafield ind1=" " ind2=" " tag="300"><subfield code="a">v. :</subfield><subfield code="b">ill. (chiefly adv.) ;</subfield><subfield code="c">65 cm.</subfield></datafield><datafield ind1=" " ind2=" " tag="310"><subfield code="a">Weekly</subfield></datafield><datafield ind1="0" ind2=" " tag="362"><subfield code="a">Vol. 8, no. 1 (July 6, 1871)-v. 43, no. 13 (Sept. 23, 1897).</subfield></datafield><datafield ind1=" " ind2=" " tag="500"><subfield code="a">Publishers: James I. Dennis, &lt;1874-1875&gt;; Dennis &amp; Eggleston, &lt;1876&gt;; Palmer &amp; Eggleston, &lt;1876&gt; ; Gregory &amp; Eggleston, &lt;1893&gt;-1897.</subfield></datafield><datafield ind1=" " ind2=" " tag="500"><subfield code="a">Recorded in reference sources as: Jonesville independent.</subfield></datafield><datafield ind1=" " ind2=" " tag="500"><subfield code="a">Republican, &lt;1876&gt;.</subfield></datafield><datafield ind1=" " ind2="0" tag="651"><subfield code="a">Jonesville (Mich.)</subfield><subfield code="v">Newspapers.</subfield></datafield><datafield ind1=" " ind2="0" tag="651"><subfield code="a">Hillsdale County (Mich.)</subfield><subfield code="v">Newspapers.</subfield></datafield><datafield ind1=" " ind2="7" tag="655"><subfield code="a">Newspapers.</subfield><subfield code="2">fast</subfield><subfield code="0">(OCoLC)fst01423814</subfield></datafield><datafield ind1=" " ind2="7" tag="651"><subfield code="a">Michigan</subfield><subfield code="z">Hillsdale County.</subfield><subfield code="2">fast</subfield><subfield code="0">(OCoLC)fst01208681</subfield></datafield><datafield ind1=" " ind2="7" tag="651"><subfield code="a">Michigan</subfield><subfield code="z">Jonesville.</subfield><subfield code="2">fast</subfield><subfield code="0">(OCoLC)fst01206227</subfield></datafield><datafield ind1=" " ind2=" " tag="752"><subfield code="a">United States</subfield><subfield code="b">Michigan</subfield><subfield code="c">Hillsdale</subfield><subfield code="d">Jonesville.</subfield></datafield><datafield ind1="0" ind2="0" tag="780"><subfield code="t">Jonesville independent (Jonesville, Mich. : 1867)</subfield><subfield code="w">(DLC)sn 96077094</subfield><subfield code="w">(OCoLC)35648388</subfield></datafield><datafield ind1="0" ind2="0" tag="785"><subfield code="t">Jonesville independent (Jonesville, Mich. : 1897)</subfield><subfield code="w">(DLC)sn 96077095</subfield><subfield code="w">(OCoLC)35648596</subfield></datafield></record>